@article{hernandez2019ecologia,
  title={Ecolog{\'\i}a poblacional de Albatros de Laysan (Phoebastria immutabilis), para su manejo y conservaci{\'o}n en la Reserva de la Biosfera Isla Guadalupe, M{\'e}xico},
  author={HERNANDEZ MONTOYA, JULIO CESAR},
  year={2019},
  publisher={Centro de Investigaciones Biol{\'o}gicas del Noroeste, SC}
}
