@inbook{inbook,
author = {Gotterbarn, Donald},
year = {2002},
month = {01},
pages = {},
title = {Software Engineering Ethics},
isbn = {9780471028956},
doi = {10.1002/0471028959.sof314}
}

