@inbook{inbook,
author = {Gotterbarn, Donald},
year = {2002},
month = {01},
pages = {},
title = {Software Engineering Ethics},
isbn = {9780471028956},
doi = {10.1002/0471028959.sof314}
}

@book{sommerville2005ingenieria,
  title={Ingenier{\'\i}a del software},
  author={Sommerville, Ian},
  year={2005},
  publisher={Pearson educaci{\'o}n}
}

@article{yuren2013etica,
  title={{\'E}tica profesional y praxis: Una revisi{\'o}n desde el concepto de" agencia"},
  author={Yur{\'e}n, Teresa},
  journal={Perfiles educativos},
  volume={35},
  number={142},
  pages={6--14},
  year={2013},
  publisher={Instituto de Investigaciones sobre la Universidad y la
  Educaci{\'o}n, UNAM},
  link="https://www.scielo.org.mx/pdf/peredu/v35n142/v35n142a16.pdf"
}

@article{barrera2010etica,
  title={{\'E}TICA PROFESIONAL DEL INGENIERO DE SOFTWARE},
  author={BARRERA CAMARA, RICARDO ARMANDO and others},
  year={2010},
  publisher={Acal{\'a}n Revista de la Universidad Aut{\'o}noma del Carmen},
  link="http://www.repositorio.unacar.mx/jspui/bitstream/1030620191/353/1/Articulo-ETICA.pdf"
}


